{
    "dummies": [
        {
            "date": "2021-01-28",
            "pos": 19,
            "neg": 10,
            "total": 29,
            "sales": 91145
        },
        {
            "date": "2021-01-29",
            "pos": 15,
            "neg": 8,
            "total": 23,
            "sales": 90890
        },
        {
            "date": "2021-01-30",
            "pos": 11,
            "neg": 3,
            "total": 14,
            "sales": 98785
        },
        {
            "date": "2021-01-31",
            "pos": 11,
            "neg": 4,
            "total": 15,
            "sales": 90739
        },
        {
            "date": "2021-02-01",
            "pos": 16,
            "neg": 6,
            "total": 22,
            "sales": 94062
        },
        {
            "date": "2021-02-02",
            "pos": 21,
            "neg": 11,
            "total": 32,
            "sales": 91370
        },
        {
            "date": "2021-02-03",
            "pos": 19,
            "neg": 7,
            "total": 26,
            "sales": 99730
        },
        {
            "date": "2021-02-05",
            "pos": 13,
            "neg": 13,
            "total": 26,
            "sales": 90786
        },
        {
            "date": "2021-02-06",
            "pos": 12,
            "neg": 7,
            "total": 19,
            "sales": 96576
        },
        {
            "date": "2021-02-07",
            "pos": 8,
            "neg": 2,
            "total": 10,
            "sales": 91188
        },
        {
            "date": "2021-02-08",
            "pos": 19,
            "neg": 5,
            "total": 24,
            "sales": 95312
        },
        {
            "date": "2021-02-09",
            "pos": 21,
            "neg": 7,
            "total": 28,
            "sales": 92746
        },
        {
            "date": "2021-02-10",
            "pos": 15,
            "neg": 11,
            "total": 26,
            "sales": 93378
        },
        {
            "date": "2021-02-13",
            "pos": 14,
            "neg": 5,
            "total": 19,
            "sales": 97190
        },
        {
            "date": "2021-02-14",
            "pos": 4,
            "neg": 4,
            "total": 8,
            "sales": 90471
        },
        {
            "date": "2021-02-15",
            "pos": 12,
            "neg": 8,
            "total": 20,
            "sales": 93297
        },
        {
            "date": "2021-02-22",
            "pos": 21,
            "neg": 7,
            "total": 28,
            "sales": 92937
        },
        {
            "date": "2021-02-23",
            "pos": 14,
            "neg": 10,
            "total": 24,
            "sales": 95564
        },
        {
            "date": "2021-02-24",
            "pos": 10,
            "neg": 7,
            "total": 17,
            "sales": 91037
        },
        {
            "date": "2021-02-25",
            "pos": 28,
            "neg": 21,
            "total": 49,
            "sales": 97345
        },
        {
            "date": "2021-02-26",
            "pos": 23,
            "neg": 26,
            "total": 49,
            "sales": 91948
        },
        {
            "date": "2021-02-27",
            "pos": 14,
            "neg": 11,
            "total": 25,
            "sales": 90477
        },
        {
            "date": "2021-02-28",
            "pos": 12,
            "neg": 8,
            "total": 20,
            "sales": 93793
        },
        {
            "date": "2021-03-01",
            "pos": 14,
            "neg": 10,
            "total": 24,
            "sales": 93510
        },
        {
            "date": "2021-03-02",
            "pos": 20,
            "neg": 5,
            "total": 25,
            "sales": 95418
        },
        {
            "date": "2021-03-03",
            "pos": 25,
            "neg": 8,
            "total": 33,
            "sales": 90277
        },
        {
            "date": "2021-03-04",
            "pos": 41,
            "neg": 17,
            "total": 58,
            "sales": 96006
        },
        {
            "date": "2021-03-05",
            "pos": 14,
            "neg": 16,
            "total": 30,
            "sales": 93982
        },
        {
            "date": "2021-03-13",
            "pos": 13,
            "neg": 1,
            "total": 14,
            "sales": 90668
        },
        {
            "date": "2021-03-15",
            "pos": 12,
            "neg": 5,
            "total": 17,
            "sales": 93141
        },
        {
            "date": "2021-03-16",
            "pos": 18,
            "neg": 12,
            "total": 30,
            "sales": 97089
        },
        {
            "date": "2021-03-17",
            "pos": 12,
            "neg": 13,
            "total": 25,
            "sales": 96660
        },
        {
            "date": "2021-03-18",
            "pos": 22,
            "neg": 13,
            "total": 35,
            "sales": 98913
        },
        {
            "date": "2021-03-19",
            "pos": 20,
            "neg": 9,
            "total": 29,
            "sales": 96356
        },
        {
            "date": "2021-03-20",
            "pos": 11,
            "neg": 9,
            "total": 20,
            "sales": 94546
        },
        {
            "date": "2021-03-21",
            "pos": 6,
            "neg": 6,
            "total": 12,
            "sales": 95892
        },
        {
            "date": "2021-03-22",
            "pos": 18,
            "neg": 11,
            "total": 29,
            "sales": 97470
        },
        {
            "date": "2021-03-23",
            "pos": 23,
            "neg": 15,
            "total": 38,
            "sales": 90606
        },
        {
            "date": "2021-03-24",
            "pos": 14,
            "neg": 17,
            "total": 31,
            "sales": 94979
        },
        {
            "date": "2021-03-28",
            "pos": 6,
            "neg": 8,
            "total": 14,
            "sales": 95625
        },
        {
            "date": "2021-03-29",
            "pos": 9,
            "neg": 12,
            "total": 21,
            "sales": 91606
        },
        {
            "date": "2021-03-30",
            "pos": 40,
            "neg": 12,
            "total": 52,
            "sales": 95323
        },
        {
            "date": "2021-03-31",
            "pos": 21,
            "neg": 7,
            "total": 28,
            "sales": 99551
        },
        {
            "date": "2021-04-01",
            "pos": 21,
            "neg": 5,
            "total": 26,
            "sales": 92635
        },
        {
            "date": "2021-04-02",
            "pos": 13,
            "neg": 7,
            "total": 20,
            "sales": 94729
        },
        {
            "date": "2021-04-04",
            "pos": 8,
            "neg": 8,
            "total": 16,
            "sales": 96221
        },
        {
            "date": "2021-04-05",
            "pos": 8,
            "neg": 8,
            "total": 16,
            "sales": 97443
        },
        {
            "date": "2021-04-06",
            "pos": 20,
            "neg": 10,
            "total": 30,
            "sales": 97064
        },
        {
            "date": "2021-04-07",
            "pos": 23,
            "neg": 9,
            "total": 32,
            "sales": 93052
        },
        {
            "date": "2021-04-10",
            "pos": 16,
            "neg": 3,
            "total": 19,
            "sales": 99908
        },
        {
            "date": "2021-04-11",
            "pos": 6,
            "neg": 9,
            "total": 15,
            "sales": 93955
        },
        {
            "date": "2021-04-12",
            "pos": 20,
            "neg": 5,
            "total": 25,
            "sales": 93598
        },
        {
            "date": "2021-04-13",
            "pos": 18,
            "neg": 11,
            "total": 29,
            "sales": 99238
        },
        {
            "date": "2021-04-18",
            "pos": 13,
            "neg": 6,
            "total": 19,
            "sales": 95059
        },
        {
            "date": "2021-04-19",
            "pos": 57,
            "neg": 33,
            "total": 90,
            "sales": 97565
        },
        {
            "date": "2021-04-20",
            "pos": 70,
            "neg": 23,
            "total": 93,
            "sales": 90374
        },
        {
            "date": "2021-04-21",
            "pos": 45,
            "neg": 20,
            "total": 65,
            "sales": 97027
        },
        {
            "date": "2021-04-22",
            "pos": 45,
            "neg": 11,
            "total": 56,
            "sales": 94167
        },
        {
            "date": "2021-04-23",
            "pos": 32,
            "neg": 7,
            "total": 39,
            "sales": 93370
        },
        {
            "date": "2021-04-24",
            "pos": 13,
            "neg": 8,
            "total": 21,
            "sales": 99283
        },
        {
            "date": "2021-04-25",
            "pos": 13,
            "neg": 6,
            "total": 19,
            "sales": 96760
        },
        {
            "date": "2021-04-26",
            "pos": 37,
            "neg": 15,
            "total": 52,
            "sales": 97449
        },
        {
            "date": "2021-04-29",
            "pos": 26,
            "neg": 10,
            "total": 36,
            "sales": 97300
        },
        {
            "date": "2021-04-30",
            "pos": 24,
            "neg": 11,
            "total": 35,
            "sales": 96439
        },
        {
            "date": "2021-05-01",
            "pos": 14,
            "neg": 7,
            "total": 21,
            "sales": 91552
        },
        {
            "date": "2021-05-04",
            "pos": 11,
            "neg": 11,
            "total": 22,
            "sales": 90778
        },
        {
            "date": "2021-05-05",
            "pos": 18,
            "neg": 13,
            "total": 31,
            "sales": 97350
        },
        {
            "date": "2021-05-06",
            "pos": 9,
            "neg": 18,
            "total": 27,
            "sales": 94137
        },
        {
            "date": "2021-05-08",
            "pos": 15,
            "neg": 3,
            "total": 18,
            "sales": 94365
        },
        {
            "date": "2021-05-09",
            "pos": 9,
            "neg": 7,
            "total": 16,
            "sales": 93882
        },
        {
            "date": "2021-05-10",
            "pos": 19,
            "neg": 7,
            "total": 26,
            "sales": 92852
        },
        {
            "date": "2021-05-12",
            "pos": 17,
            "neg": 9,
            "total": 26,
            "sales": 94827
        },
        {
            "date": "2021-05-13",
            "pos": 15,
            "neg": 7,
            "total": 22,
            "sales": 96118
        },
        {
            "date": "2021-05-14",
            "pos": 16,
            "neg": 6,
            "total": 22,
            "sales": 95274
        },
        {
            "date": "2021-06-11",
            "pos": 23,
            "neg": 14,
            "total": 37,
            "sales": 92048
        },
        {
            "date": "2021-06-21",
            "pos": 13,
            "neg": 14,
            "total": 27,
            "sales": 98851
        },
        {
            "date": "2021-06-25",
            "pos": 15,
            "neg": 7,
            "total": 22,
            "sales": 95267
        },
        {
            "date": "2021-06-26",
            "pos": 8,
            "neg": 6,
            "total": 14,
            "sales": 98805
        },
        {
            "date": "2021-06-27",
            "pos": 11,
            "neg": 6,
            "total": 17,
            "sales": 96871
        },
        {
            "date": "2021-06-28",
            "pos": 19,
            "neg": 8,
            "total": 27,
            "sales": 96958
        },
        {
            "date": "2021-07-19",
            "pos": 1025,
            "neg": 447,
            "total": 1472,
            "sales": 94173
        },
        {
            "date": "2021-07-25",
            "pos": 497,
            "neg": 318,
            "total": 815,
            "sales": 96327
        },
        {
            "date": "2021-07-26",
            "pos": 1340,
            "neg": 641,
            "total": 1981,
            "sales": 94549
        },
        {
            "date": "2021-08-05",
            "pos": 723,
            "neg": 428,
            "total": 1151,
            "sales": 94725
        },
        {
            "date": "2021-08-06",
            "pos": 864,
            "neg": 466,
            "total": 1330,
            "sales": 96328
        },
        {
            "date": "2021-08-10",
            "pos": 1144,
            "neg": 558,
            "total": 1702,
            "sales": 91648
        },
        {
            "date": "2021-08-11",
            "pos": 1070,
            "neg": 589,
            "total": 1659,
            "sales": 96749
        },
        {
            "date": "2021-08-16",
            "pos": 670,
            "neg": 405,
            "total": 1075,
            "sales": 95391
        },
        {
            "date": "2021-08-17",
            "pos": 1072,
            "neg": 599,
            "total": 1671,
            "sales": 95711
        },
        {
            "date": "2021-08-18",
            "pos": 1013,
            "neg": 615,
            "total": 1628,
            "sales": 90360
        },
        {
            "date": "2021-08-25",
            "pos": 1311,
            "neg": 625,
            "total": 1936,
            "sales": 99145
        },
        {
            "date": "2021-09-02",
            "pos": 1011,
            "neg": 561,
            "total": 1572,
            "sales": 91726
        },
        {
            "date": "2021-09-04",
            "pos": 765,
            "neg": 366,
            "total": 1131,
            "sales": 90328
        },
        {
            "date": "2021-09-05",
            "pos": 677,
            "neg": 348,
            "total": 1025,
            "sales": 91740
        },
        {
            "date": "2021-09-10",
            "pos": 976,
            "neg": 486,
            "total": 1462,
            "sales": 96287
        },
        {
            "date": "2021-09-11",
            "pos": 645,
            "neg": 412,
            "total": 1057,
            "sales": 92512
        }
    ]
}