{
    "dummies": [
        {
            "date": "2021-01-28",
            "pos": 3,
            "neg": 4,
            "total": 7,
            "sales": 98146
        },
        {
            "date": "2021-01-29",
            "pos": 2,
            "neg": 6,
            "total": 8,
            "sales": 93850
        },
        {
            "date": "2021-01-30",
            "pos": 0,
            "neg": 3,
            "total": 3,
            "sales": 90666
        },
        {
            "date": "2021-01-31",
            "pos": 1,
            "neg": 2,
            "total": 3,
            "sales": 94611
        },
        {
            "date": "2021-02-01",
            "pos": 2,
            "neg": 3,
            "total": 5,
            "sales": 98250
        },
        {
            "date": "2021-02-02",
            "pos": 2,
            "neg": 2,
            "total": 4,
            "sales": 90719
        },
        {
            "date": "2021-02-03",
            "pos": 4,
            "neg": 0,
            "total": 4,
            "sales": 96133
        },
        {
            "date": "2021-02-05",
            "pos": 5,
            "neg": 1,
            "total": 6,
            "sales": 92390
        },
        {
            "date": "2021-02-06",
            "pos": 4,
            "neg": 2,
            "total": 6,
            "sales": 97243
        },
        {
            "date": "2021-02-07",
            "pos": 2,
            "neg": 2,
            "total": 4,
            "sales": 90884
        },
        {
            "date": "2021-02-08",
            "pos": 0,
            "neg": 1,
            "total": 1,
            "sales": 95939
        },
        {
            "date": "2021-02-09",
            "pos": 3,
            "neg": 1,
            "total": 4,
            "sales": 92494
        },
        {
            "date": "2021-02-10",
            "pos": 4,
            "neg": 0,
            "total": 4,
            "sales": 94598
        },
        {
            "date": "2021-02-11",
            "pos": 2,
            "neg": 3,
            "total": 5,
            "sales": 94878
        },
        {
            "date": "2021-02-13",
            "pos": 4,
            "neg": 3,
            "total": 7,
            "sales": 99293
        },
        {
            "date": "2021-02-14",
            "pos": 2,
            "neg": 3,
            "total": 5,
            "sales": 98980
        },
        {
            "date": "2021-02-15",
            "pos": 5,
            "neg": 1,
            "total": 6,
            "sales": 95020
        },
        {
            "date": "2021-02-16",
            "pos": 5,
            "neg": 4,
            "total": 9,
            "sales": 92687
        },
        {
            "date": "2021-02-22",
            "pos": 2,
            "neg": 2,
            "total": 4,
            "sales": 98237
        },
        {
            "date": "2021-02-23",
            "pos": 6,
            "neg": 2,
            "total": 8,
            "sales": 99960
        },
        {
            "date": "2021-02-24",
            "pos": 5,
            "neg": 3,
            "total": 8,
            "sales": 98952
        },
        {
            "date": "2021-02-26",
            "pos": 1,
            "neg": 3,
            "total": 4,
            "sales": 94488
        },
        {
            "date": "2021-02-27",
            "pos": 2,
            "neg": 1,
            "total": 3,
            "sales": 90692
        },
        {
            "date": "2021-02-28",
            "pos": 4,
            "neg": 0,
            "total": 4,
            "sales": 91853
        },
        {
            "date": "2021-03-01",
            "pos": 2,
            "neg": 5,
            "total": 7,
            "sales": 96402
        },
        {
            "date": "2021-03-03",
            "pos": 1,
            "neg": 2,
            "total": 3,
            "sales": 90559
        },
        {
            "date": "2021-03-04",
            "pos": 4,
            "neg": 4,
            "total": 8,
            "sales": 97467
        },
        {
            "date": "2021-03-05",
            "pos": 4,
            "neg": 2,
            "total": 6,
            "sales": 99766
        },
        {
            "date": "2021-03-06",
            "pos": 1,
            "neg": 4,
            "total": 5,
            "sales": 92528
        },
        {
            "date": "2021-03-15",
            "pos": 3,
            "neg": 5,
            "total": 8,
            "sales": 98753
        },
        {
            "date": "2021-03-16",
            "pos": 1,
            "neg": 4,
            "total": 5,
            "sales": 92520
        },
        {
            "date": "2021-03-17",
            "pos": 5,
            "neg": 4,
            "total": 9,
            "sales": 91056
        },
        {
            "date": "2021-03-18",
            "pos": 5,
            "neg": 4,
            "total": 9,
            "sales": 92097
        },
        {
            "date": "2021-03-23",
            "pos": 19,
            "neg": 8,
            "total": 27,
            "sales": 90729
        },
        {
            "date": "2021-03-24",
            "pos": 3,
            "neg": 4,
            "total": 7,
            "sales": 91374
        },
        {
            "date": "2021-03-28",
            "pos": 6,
            "neg": 3,
            "total": 9,
            "sales": 94862
        },
        {
            "date": "2021-03-29",
            "pos": 12,
            "neg": 10,
            "total": 22,
            "sales": 96898
        },
        {
            "date": "2021-03-30",
            "pos": 6,
            "neg": 4,
            "total": 10,
            "sales": 91408
        },
        {
            "date": "2021-03-31",
            "pos": 3,
            "neg": 8,
            "total": 11,
            "sales": 95229
        },
        {
            "date": "2021-04-01",
            "pos": 6,
            "neg": 3,
            "total": 9,
            "sales": 91033
        },
        {
            "date": "2021-04-02",
            "pos": 4,
            "neg": 3,
            "total": 7,
            "sales": 90607
        },
        {
            "date": "2021-04-04",
            "pos": 5,
            "neg": 0,
            "total": 5,
            "sales": 93164
        },
        {
            "date": "2021-04-05",
            "pos": 5,
            "neg": 4,
            "total": 9,
            "sales": 97441
        },
        {
            "date": "2021-04-06",
            "pos": 7,
            "neg": 3,
            "total": 10,
            "sales": 92774
        },
        {
            "date": "2021-04-07",
            "pos": 7,
            "neg": 2,
            "total": 9,
            "sales": 96976
        },
        {
            "date": "2021-04-08",
            "pos": 4,
            "neg": 3,
            "total": 7,
            "sales": 95057
        },
        {
            "date": "2021-04-10",
            "pos": 3,
            "neg": 0,
            "total": 3,
            "sales": 96364
        },
        {
            "date": "2021-04-11",
            "pos": 1,
            "neg": 2,
            "total": 3,
            "sales": 95771
        },
        {
            "date": "2021-04-12",
            "pos": 2,
            "neg": 2,
            "total": 4,
            "sales": 90017
        },
        {
            "date": "2021-04-13",
            "pos": 2,
            "neg": 3,
            "total": 5,
            "sales": 90178
        },
        {
            "date": "2021-04-14",
            "pos": 6,
            "neg": 4,
            "total": 10,
            "sales": 92544
        },
        {
            "date": "2021-04-18",
            "pos": 2,
            "neg": 3,
            "total": 5,
            "sales": 97432
        },
        {
            "date": "2021-04-19",
            "pos": 1,
            "neg": 6,
            "total": 7,
            "sales": 92659
        },
        {
            "date": "2021-04-20",
            "pos": 3,
            "neg": 3,
            "total": 6,
            "sales": 95424
        },
        {
            "date": "2021-04-21",
            "pos": 4,
            "neg": 4,
            "total": 8,
            "sales": 97461
        },
        {
            "date": "2021-04-22",
            "pos": 4,
            "neg": 1,
            "total": 5,
            "sales": 95529
        },
        {
            "date": "2021-04-24",
            "pos": 3,
            "neg": 0,
            "total": 3,
            "sales": 96396
        },
        {
            "date": "2021-04-25",
            "pos": 3,
            "neg": 3,
            "total": 6,
            "sales": 92487
        },
        {
            "date": "2021-04-26",
            "pos": 5,
            "neg": 1,
            "total": 6,
            "sales": 92673
        },
        {
            "date": "2021-04-27",
            "pos": 4,
            "neg": 5,
            "total": 9,
            "sales": 98239
        },
        {
            "date": "2021-04-29",
            "pos": 4,
            "neg": 1,
            "total": 5,
            "sales": 93241
        },
        {
            "date": "2021-04-30",
            "pos": 1,
            "neg": 1,
            "total": 2,
            "sales": 99350
        },
        {
            "date": "2021-05-01",
            "pos": 2,
            "neg": 3,
            "total": 5,
            "sales": 98788
        },
        {
            "date": "2021-05-04",
            "pos": 5,
            "neg": 8,
            "total": 13,
            "sales": 97884
        },
        {
            "date": "2021-05-05",
            "pos": 2,
            "neg": 1,
            "total": 3,
            "sales": 96434
        },
        {
            "date": "2021-05-06",
            "pos": 2,
            "neg": 4,
            "total": 6,
            "sales": 99611
        },
        {
            "date": "2021-05-12",
            "pos": 5,
            "neg": 4,
            "total": 9,
            "sales": 95303
        },
        {
            "date": "2021-05-13",
            "pos": 6,
            "neg": 4,
            "total": 10,
            "sales": 95776
        },
        {
            "date": "2021-05-14",
            "pos": 2,
            "neg": 2,
            "total": 4,
            "sales": 96437
        },
        {
            "date": "2021-06-18",
            "pos": 5,
            "neg": 0,
            "total": 5,
            "sales": 94928
        },
        {
            "date": "2021-06-19",
            "pos": 4,
            "neg": 2,
            "total": 6,
            "sales": 94470
        },
        {
            "date": "2021-06-20",
            "pos": 8,
            "neg": 0,
            "total": 8,
            "sales": 97702
        },
        {
            "date": "2021-06-21",
            "pos": 5,
            "neg": 1,
            "total": 6,
            "sales": 95332
        },
        {
            "date": "2021-06-23",
            "pos": 6,
            "neg": 2,
            "total": 8,
            "sales": 99054
        },
        {
            "date": "2021-06-24",
            "pos": 7,
            "neg": 2,
            "total": 9,
            "sales": 93360
        },
        {
            "date": "2021-06-25",
            "pos": 3,
            "neg": 3,
            "total": 6,
            "sales": 99318
        },
        {
            "date": "2021-06-26",
            "pos": 6,
            "neg": 2,
            "total": 8,
            "sales": 97343
        },
        {
            "date": "2021-07-11",
            "pos": 226,
            "neg": 214,
            "total": 440,
            "sales": 90127
        },
        {
            "date": "2021-07-16",
            "pos": 240,
            "neg": 197,
            "total": 437,
            "sales": 91023
        },
        {
            "date": "2021-07-17",
            "pos": 194,
            "neg": 179,
            "total": 373,
            "sales": 98847
        },
        {
            "date": "2021-07-18",
            "pos": 188,
            "neg": 151,
            "total": 339,
            "sales": 99861
        },
        {
            "date": "2021-07-19",
            "pos": 262,
            "neg": 224,
            "total": 486,
            "sales": 94914
        },
        {
            "date": "2021-07-24",
            "pos": 229,
            "neg": 274,
            "total": 503,
            "sales": 91804
        },
        {
            "date": "2021-07-25",
            "pos": 187,
            "neg": 165,
            "total": 352,
            "sales": 96837
        },
        {
            "date": "2021-07-26",
            "pos": 304,
            "neg": 221,
            "total": 525,
            "sales": 94311
        },
        {
            "date": "2021-08-07",
            "pos": 248,
            "neg": 159,
            "total": 407,
            "sales": 90763
        },
        {
            "date": "2021-08-10",
            "pos": 414,
            "neg": 258,
            "total": 672,
            "sales": 91529
        },
        {
            "date": "2021-08-11",
            "pos": 363,
            "neg": 223,
            "total": 586,
            "sales": 90792
        },
        {
            "date": "2021-08-17",
            "pos": 381,
            "neg": 218,
            "total": 599,
            "sales": 93359
        },
        {
            "date": "2021-08-18",
            "pos": 297,
            "neg": 203,
            "total": 500,
            "sales": 96481
        },
        {
            "date": "2021-08-23",
            "pos": 260,
            "neg": 188,
            "total": 448,
            "sales": 93301
        },
        {
            "date": "2021-08-24",
            "pos": 359,
            "neg": 258,
            "total": 617,
            "sales": 95279
        },
        {
            "date": "2021-08-25",
            "pos": 319,
            "neg": 205,
            "total": 524,
            "sales": 96494
        },
        {
            "date": "2021-09-06",
            "pos": 193,
            "neg": 178,
            "total": 371,
            "sales": 95522
        },
        {
            "date": "2021-09-09",
            "pos": 217,
            "neg": 182,
            "total": 399,
            "sales": 91006
        },
        {
            "date": "2021-09-10",
            "pos": 243,
            "neg": 151,
            "total": 394,
            "sales": 96173
        },
        {
            "date": "2021-09-11",
            "pos": 183,
            "neg": 135,
            "total": 318,
            "sales": 98267
        }
    ]
}